<record><leader>00000cas a2200000 a 4500</leader><controlfield tag="001">8248341</controlfield><controlfield tag="008">820317d19811983nyumr ne      0    0eng c</controlfield><datafield ind1=" " ind2=" " tag="010"><subfield code="a">sn 91037342 </subfield></datafield><datafield ind1=" " ind2=" " tag="040"><subfield code="a">BUF</subfield><subfield code="b">eng</subfield><subfield code="c">BUF</subfield><subfield code="d">NYS</subfield><subfield code="d">PIT</subfield><subfield code="d">NYS</subfield><subfield code="d">OCLCQ</subfield><subfield code="d">OCLCF</subfield><subfield code="d">OCLCO</subfield></datafield><datafield ind1="1" ind2=" " tag="029"><subfield code="a">AU@</subfield><subfield code="b">000025849571</subfield></datafield><datafield ind1="0" ind2=" " tag="041"><subfield code="a">engpol</subfield></datafield><datafield ind1=" " ind2=" " tag="042"><subfield code="a">pcc</subfield></datafield><datafield ind1="0" ind2=" " tag="130"><subfield code="a">Polonia reporter (Buffalo, N.Y.)</subfield></datafield><datafield ind1="1" ind2="0" tag="245"><subfield code="a">Polonia reporter.</subfield></datafield><datafield ind1=" " ind2=" " tag="260"><subfield code="a">[Buffalo, N.Y. :</subfield><subfield code="b">Polish Union of America],</subfield><subfield code="c">1981-1983.</subfield></datafield><datafield ind1=" " ind2=" " tag="300"><subfield code="a">3 v. :</subfield><subfield code="b">ill. ;</subfield><subfield code="c">38 cm.</subfield></datafield><datafield ind1=" " ind2=" " tag="310"><subfield code="a">Monthly</subfield></datafield><datafield ind1=" " ind2=" " tag="321"><subfield code="a">Bimonthly,</subfield><subfield code="b">1981-&lt;Feb. 1982&gt;</subfield></datafield><datafield ind1="0" ind2=" " tag="362"><subfield code="a">Vol. 1, no. 1 (Jan./Feb. 1981)-v. 3, no. 1 (Jan. 1983).</subfield></datafield><datafield ind1=" " ind2=" " tag="546"><subfield code="a">Some columns in Polish.</subfield></datafield><datafield ind1=" " ind2=" " tag="550"><subfield code="a">Official publication of the Polish Union of America.</subfield></datafield><datafield ind1=" " ind2=" " tag="580"><subfield code="a">Continues: PUA parade.</subfield></datafield><datafield ind1=" " ind2="0" tag="650"><subfield code="a">Polish Americans</subfield><subfield code="v">Newspapers.</subfield></datafield><datafield ind1=" " ind2="4" tag="651"><subfield code="a">Buffalo (N.Y.)</subfield><subfield code="v">Newspapers.</subfield></datafield><datafield ind1=" " ind2="7" tag="655"><subfield code="a">Newspapers.</subfield><subfield code="2">fast</subfield><subfield code="0">(OCoLC)fst01423814</subfield></datafield><datafield ind1=" " ind2="7" tag="650"><subfield code="a">Polish Americans.</subfield><subfield code="2">fast</subfield><subfield code="0">(OCoLC)fst01068870</subfield></datafield><datafield ind1="2" ind2=" " tag="710"><subfield code="a">Polish Union of America.</subfield></datafield><datafield ind1=" " ind2=" " tag="752"><subfield code="a">United States</subfield><subfield code="b">New York</subfield><subfield code="c">Erie</subfield><subfield code="d">Buffalo.</subfield></datafield><datafield ind1="1" ind2="0" tag="780"><subfield code="t">PUA parade</subfield></datafield><datafield ind1="0" ind2="0" tag="785"><subfield code="t">Polish American voice</subfield><subfield code="w">(DLC)sn 84006781</subfield></datafield></record>